@book{Boyd2004,
	title={Convex optimization},
	author={Boyd, Stephen and Vandenberghe, Lieven},
	year={2004},
	ISBN = {978-0-521-83378-3},
	publisher={Cambridge university press}
}


@article{PatternRecognition,
	title={A new fuzzy c-means method with total variation regularization for segmentation of images with noisy and incomplete data},
	author={He, Yanyan and Hussaini, M Yousuff and Ma, Jianwei and Shafei, Behrang and Steidl, Gabriele},
	journal={Pattern Recognition},
	volume={45},
	number={9},
	pages={3463--3471},
	year={2012},
}
@MISC{SkriptFMIP,
	AUTHOR = {Steidl, Gabriele  AND Bergmann, Ronny},
	YEAR = {2015},
	TITLE = {Foundations of Mathematical Image Processing, lecture notes},
	PUBLISHER = {Department of Mathematics, University of Kaiserslautern, Germany},
	ADRESS = {Kaiserslautern, Germany},
}
@article{BHST87,
  title={Convergence theory for fuzzy c-means: counterexamples and repairs},
  author={Bezdek, James C and Hathaway, Richard J and Sabin, Michael J and Tucker, William T},
  journal={IEEE Transactions on Systems, Man, and Cybernetics},
  volume={17},
  number={5},
  pages={873--877},
  year={1987},
  publisher={IEEE}
}
@misc{kMeansBild,
	HOWPUBLISHED = "\url{https://de.wikipedia.org/w/index.php?title=K-Means-Algorithmus&oldid=156635287}",
	NOTE = "Version {2016-03-08 16:39:59 +0000}"
}

@MISC{GDMGathmann,
	AUTHOR = {{Gathmann, Andreas}},
	YEAR = {2016},
	TITLE = {{Grundlagen der Mathmatik, Vorlesungsskript TU Kaiserslautern}},
	PUBLISHER = {Department of Mathematics, University of Kaiserslautern, Germany},
	ADRESS = {Kaiserslautern, Germany},
}

